@article{li_levin_spring_bhattacharjee_2018, 
  title={Internet anycast}, 
  DOI={10.1145/3230543.3230547}, 
  journal={Proceedings of the 2018 Conference of the ACM Special Interest Group on Data Communication - SIGCOMM 18}, 
  author={Li, Zhihao and Levin, Dave and Spring, Neil and Bhattacharjee, Bobby}, 
  year={2018}
}