@string{ieee-acm-ton = "{ACM/IEEE} Transactions on Networking"};
@string{pub-ieee = "{IEEE}"};
@string{ieee-infocom = " {IEEE} Infocom"};
@string{acm-imc = " ACM Internet Measurement Conference"};
@string{pub-acm = "{ACM}"};
@string{proc = "Proceedings of the "};
@string{internet-rfc = "Internet Request For Comments"};


@inproceedings{li_levin_spring_bhattacharjee_2018,
  title={Internet anycast: performance, problems, \& potential},
  author={Li, Zhihao and Levin, Dave and Spring, Neil and Bhattacharjee, Bobby},
  booktitle={Proceedings of the 2018 ACM SIGCOMM Conference},
  year={2018},
  month=aug,
  publisher={ACM},
  location={Budapest, Hungary}
}
@inproceedings{spring2003causes,
  title={The causes of path inflation},
  author={Spring, Neil and Mahajan, Ratul and Anderson, Thomas},
  booktitle={Proceedings of the 2003 conference on Applications, technologies, architectures, and protocols for computer communications},
  year={2003},
  month=aug,
  publisher={ACM},
  location={Karlsruhe, Germany}
}
@inproceedings{de2017anycast,
  title={Anycast Latency: How Many Sites Are Enough?},
  author={Schmidt, Ricardo de Oliveira  and Heidemann, John and Kuipers, Jan Harm},
  booktitle={International Conference on Passive and Active Network Measurement (PAM)},
  year={2017},
  month=mar,
  publisher={Springer},
  location={Sydney, Australia}
}
@inproceedings{wei2017does,
  title={Does anycast hang up on you?},
  author={Wei, Lan and Heidemann, John},
  booktitle={Network Traffic Measurement and Analysis Conference (TMA)},
  year={2017},
  month=jun,
  publisher={IEEE},
  location={Dublin, Ireland}
}
@inproceedings{wei2020bidirectional,
  title={Bidirectional Anycast/Unicast Probing (BAUP): Optimizing CDN Anycast},
  author={Wei, Lan and Flores, Marcel and Bedi, Harkeerat and Heidemann, John},
  booktitle={ Network Operations and Management Symposium},
  year={2020},
  location={Online},
  publisher={IEEE/IFIP}
}
@inproceedings{bertholdo2020bgp,
  title={BGP Anycast Tuner: Intuitive Route Management for Anycast Services},
  author={Bertholdo, Leandro M and Ceron, Joao M and Granville, Lisandro Z and Moura, Giovane CM and Hesselman, Cristian and van Rijswijk-Deij, Roland},
  booktitle={16th International Conference on Network and Service Management (CNSM)},
  year={2020},
  publisher={IEEE},
  location={Online}
}
@inproceedings{gharaibeh_colocation_24,
  title={Assessing Co-locality of {IP} Blocks},
  author={Gharaibeh, Manaf and Zhang, Han and Papadopoulos, Christos and Heidemann, John},
  booktitle={Proceedings of 19th IEEE Global Internet Symposium},
  location = {San Francisco, CA, USA},
  month = apr,
  year={2016},
  publisher={IEEE}
}
@inproceedings{ballani2005towards,
  title={Towards a global IP anycast service},
  author={Ballani, Hitesh and Francis, Paul},
  booktitle={Proceedings of the 2005 ACM SIGCOMM Conference},
  year={2005},
  month=aug,
  publisher={ACM},
  location={Philadelphia, PA, USA}
}
@inproceedings{ballani2006measurement,
  title={A measurement-based deployment proposal for IP anycast},
  author={Ballani, Hitesh and Francis, Paul and Ratnasamy, Sylvia},
  booktitle={Proceedings of the 2006 Internet Measurement Conference},
  year={2006},
  month=oct,
  publisher={ACM},
  location={Rio de Janeiro, Brazil}
}
@article{colitti2006evaluating,
  title={Evaluating the effects of anycast on DNS root name servers},
  author={Colitti, Lorenzo and Romijn, Erik and Uijterwaal, Henk and Robachevsky, Andrei},
  journal={RIPE document RIPE-393},
  year={2006},
  month=oct,
  publisher={RIPE}
}
@inproceedings{liang2013measuring,
  title={Measuring query latency of top level DNS servers},
  author={Liang, Jinjin and Jiang, Jian and Duan, Haixin and Li, Kang and Wu, Jianping},
  booktitle={International Conference on Passive and Active Network Measurement (PAM)},
  year={2013},
  month=mar,
  location={Hong Kong},
  publisher={Springer}
}
@inproceedings{moura2016anycast,
  title={Anycast vs. DDoS: Evaluating the November 2015 root DNS event},
  author={Moura, Giovane and Schmidt, Ricardo de O and Heidemann, John and de Vries, Wouter B and Muller, Moritz and Wei, Lan and Hesselman, Cristian},
  booktitle={Proceedings of the 2016 Internet Measurement Conference},
  year={2016},
  month=nov,
  publisher={ACM},
  location={Santa Monica, CA, USA}
}
@article{moura2020old,
  title={Old but gold: Prospecting tcp to engineer dns anycast (extended)},
  author={Moura, GC and Heidemann, John and Hardaker, Wes and Bulten, Jeroen and Ceron, Joao and Hesselman, Cristian},
  journal={ISI-TR-740, USC/Information Sciences Institute, Tech. Report},
  year={2020}
}
@inproceedings{sarat2006use,
  title={On the use of anycast in DNS},
  author={Sarat, Sandeep and Pappas, Vasileios and Terzis, Andreas},
  booktitle={Proceedings of 15th International Conference on Computer Communications and Networks},
  year={2006},
  month=oct,
  publisher={IEEE},
  location={Arlington, VA, USA}
}
@inproceedings{flavel2015fastroute,
  title={Fastroute: A scalable load-aware anycast routing architecture for modern CDNs},
  author={Flavel, Ashley and Mani, Pradeepkumar and Maltz, David and Holt, Nick and Liu, Jie and Chen, Yingying and Surmachev, Oleg},
  booktitle={12th USENIX Symposium on Networked Systems Design and Implementation (NSDI)},
  year={2015},
  month=mar,
  publisher={USENIX},
  location={Santa Clara, CA, USA}
}
@inproceedings{alzoubi2011practical,
  title={A practical architecture for an anycast CDN},
  author={Alzoubi, Hussein A and Lee, Seungjoon and Rabinovich, Michael and Spatscheck, Oliver and Van Der Merwe, Jacobus},
  journal={ACM Transactions on the Web (TWEB)},
  year={2011},
  month=jul,
  publisher={ACM}
}
@inproceedings{calder2015analyzing,
  title={Analyzing the Performance of an Anycast CDN},
  author={Calder, Matt and Flavel, Ashley and Katz-Bassett, Ethan and Mahajan, Ratul and Padhye, Jitendra},
  booktitle={Proceedings of the 2015 Internet Measurement Conference},
  year={2015},
  month=oct,
  publisher={ACM},
  location={Tokyo, Japan}
}
@inproceedings{calder2018odin,
  title={Odin: Microsoftâ€™s Scalable Fault-Tolerant CDN Measurement System},
  author={Calder, Matt and Gao, Ryan and Schr{\"o}der, Manuel and Stewart, Ryan and Padhye, Jitendra and Mahajan, Ratul and Ananthanarayanan, Ganesh and Katz-Bassett, Ethan},
  booktitle={15th USENIX Symposium on Networked Systems Design and Implementation (NSDI)},
  year={2018},
  month=apr,
  publisher={USENIX},
  location={Renton, WA, USA}
}
@inproceedings{mao2002precise,
  title={A Precise and Efficient Evaluation of the Proximity Between Web Clients and Their Local DNS Servers},
  author={Mao, Zhuoqing Morley and Cranor, Charles D and Douglis, Fred and Rabinovich, Michael and Spatscheck, Oliver and Wang, Jia},
  booktitle={USENIX Annual Technical Conference, General Track},
  year={2002},
  month=jun,
  publisher={USENIX},
  location={Monterey, CA, USA}
}
@incollection{jin2019zooming,
  title={Zooming in on wide-area latencies to a global cloud provider},
  author={Jin, Yuchen and Renganathan, Sundararajan and Ananthanarayanan, Ganesh and Jiang, Junchen and Padmanabhan, Venkata N and Schroder, Manuel and Calder, Matt and Krishnamurthy, Arvind},
  booktitle={Proceedings of the 2015 ACM SIGCOMM Conference},
  year={2019},
  month=aug,
  publisher={ACM},
  location={Beijing, China}
}
@inproceedings{zhu2012latlong,
  title={LatLong: Diagnosing wide-area latency changes for CDNs},
  author={Zhu, Yaping and Helsley, Benjamin and Rexford, Jennifer and Siganporia, Aspi and Srinivasan, Sridhar},
  journal={IEEE Transactions on Network and Service Management},
  year={2012},
  publisher={IEEE}
}
@inproceedings{katz2006towards,
  title={Towards IP geolocation using delay and topology measurements},
  author={Katz-Bassett, Ethan and John, John P and Krishnamurthy, Arvind and Wetherall, David and Anderson, Thomas and Chawathe, Yatin},
  booktitle={Proceedings of the 2006 Internet Measurement Conference},
  year={2006},
  month=oct,
  publisher={ACM},
  location={Rio de Janeiro, Brazil}
}
@inproceedings{callahan2013modern,
  title={On modern DNS behavior and properties},
  author={Callahan, Thomas and Allman, Mark and Rabinovich, Michael},
  journal={ACM SIGCOMM Computer Communication Review},
  year={2013},
  month=jul,
  publisher={ACM}
}
@inproceedings{krishnan2009moving,
  title={Moving beyond end-to-end path information to optimize CDN performance},
  author={Krishnan, Rupa and Madhyastha, Harsha V and Srinivasan, Sridhar and Jain, Sushant and Krishnamurthy, Arvind and Anderson, Thomas and Gao, Jie},
  booktitle={Proceedings of the 2009 Internet Measurement Conference},
  year={2009},
  month=nov,
  publisher={ACM},
  location={Chicago, IL, USA}
}
@inproceedings{All20b,
    author={Allman, Mark},
    title="{Putting DNS in Context}",
    booktitle={"Proceedings of the 2020 Internet Measurement Conference"},
    year={2020},
    month=oct,
    publisher={ACM},
    location={Online}
}
@inproceedings{allman2019eliminating,
  title={On Eliminating Root Nameservers from the DNS},
  author={Allman, Mark},
  booktitle={Proceedings of the 18th ACM Workshop on Hot Topics in Networks},
  year={2019},
  month=nov,
  publisher={ACM},
  location={Princeton, NJ, USA}
}
@inproceedings{jung2002dns,
  title={DNS performance and the effectiveness of caching},
  author={Jung, Jaeyeon and Sit, Emil and Balakrishnan, Hari and Morris, Robert},
  journal={IEEE/ACM Transactions on networking},
  year={2002},
  month=feb,
  publisher={IEEE}
}
@inproceedings{lentz2013d,
  title={D-mystifying the D-root Address Change},
  author={Lentz, Matthew and Levin, Dave and Castonguay, Jason and Spring, Neil and Bhattacharjee, Bobby},
  booktitle={Proceedings of the 2013 Internet Measurement Conference},
  year={2013},
  month=oct,
  publisher={ACM},
  location={Barcelona, Spain}
}
@inproceedings{sundaresan2013web,
  title={Web performance bottlenecks in broadband access networks},
  author={Sundaresan, Srikanth and Magharei, Nazanin and Feamster, Nick and Teixeira, Renata and Crawford, Sam},
  booktitle={Proceedings of the ACM SIGMETRICS Conference},
  year={2013},
  month=jun,
  publisher={ACM},
  location={Pittsburgh, PA, USA}
}
@inproceedings{yu2012authority,
  title={Authority server selection in DNS caching resolvers},
  author={Yu, Yingdi and Wessels, Duane and Larson, Matt and Zhang, Lixia},
  journal={ACM SIGCOMM Computer Communication Review},
  year={2012},
  month=apr,
  publisher={ACM}
}
@inproceedings{asrese2016wepr,
  title={WePR: a tool for automated web performance measurement},
  author={Asrese, Alemnew Sheferaw and Sarolahti, Pasi and Boye, Magnus and Ott, Jorg},
  booktitle={2016 IEEE Globecom Workshops},
  year={2016},
  month=dec,
  publisher={IEEE},
  location={Washington D.C., USA}
}
@inproceedings{enghardt2019web,
  title={Web performance pitfalls},
  author={Enghardt, Theresa and Zinner, Thomas and Feldmann, Anja},
  booktitle={International Conference on Passive and Active Network Measurement (PAM)},
  year={2019},
  month=mar,
  publisher={Springer},
  location={Puerto Varas, Chile}
}
@inproceedings{huawei_evaluating_anycast,
  title={Evaluating performance and inefficient routing of an anycast CDN},
  author={Xue, Jing'an and Dang, Weizhen and Wang, Haibo and Wang, Jilong and Wang, Hui},
  booktitle={Proceedings of the International Symposium on Quality of Service},
  year={2019},
  month=jun,
  publisher={ACM},
  location={Phoenix, AZ, USA}
}
@inproceedings{katabi2000framework,
  title={A framework for  global IP-anycast (GIA)},
  author={Katabi, Dina and Wroclawski, John},
  booktitle={Proceedings of the 2000 ACM SIGCOMM Conference},
  year={2000},
  month=aug,
  publisher={ACM},
  location={Stockholm, Sweden}
}
@article{akplogan2020covid,
  title={Analysis of the Effects of COVID-19-Related Lockdowns on IMRS Traffic},
  author={Akplogan, Adiel and Arends, Roy and Conrad, David and Durand, Alain and Hoffman, Paul and Huberman, David and Larson, Matt and Lloyd, Sion and Manderson, Terry and Soltero, David and Tajalizadehkhoob, Samaneh and Ereche, Mauricio Vergara},
  year={2020},
  month=apr,
  publisher={ICANN},
  url={icann.org/en/system/files/files/octo-008-en.pdf}
}
@inproceedings{metz2002ip,
  title={IP anycast point-to-(any) point communication},
  author={Metz, Christopher},
  journal={IEEE Internet Computing},
  year={2002},
  month=aug,
  publisher={IEEE}
}
@inproceedings{mcquistin2019taming,
  title={Taming Anycast in the Wild Internet},
  author={McQuistin, Stephen and Uppu, Sree Priyanka and Flores, Marcel},
  booktitle={Proceedings of the 2019 Internet Measurement Conference},
  year={2019},
  month=oct,
  publisher={ACM},
  location={Amsterdam, Netherlands}
}
@inproceedings{lucas_ripe_potential,
    author={Barsand, Lucas and Vaz, Artur and  Bastos, JoÃ£o and Fonseca, Osvaldo Luis and Cunha, Italo},
    title={Realizando o Potencial da Plaforma RIPE Atlas},
    booktitle={SalÃ£o de Ferramentas do SBRC 2019},
    month={may},
    year={2019},
}
@inproceedings{gao2014reexamining,
  title={Reexamining DNS from a global recursive resolver perspective},
  author={Gao, Hongyu and Yegneswaran, Vinod and Jiang, Jian and Chen, Yan and Porras, Phillip and Ghosh, Shalini and Duan, Haixin},
  journal={IEEE/ACM Transactions on Networking},
  year={2014},
  month=oct,
  publisher={IEEE}
}
@misc{ditl,
  url={dns-oarc.net/oarc/data/ditl/2018},
  title={DNS-OARC},
  year={2018}
}

%RTT result
@inproceedings{iwIMC17, 
  title={{Large-Scale Scanning of TCPâ€™s Initial Window}},
  author={Jan R\"uth and Christian Bormann and Oliver Hohlfeld},
  booktitle={Proceedings of the 2017 Internet Measurement Conference},
  year={2017},
  month=nov,
  pulisher={ACM},
  location={London, United Kingdom}
} 
% APNIC population by AS
@misc{apnic_pop_est,
  title={How Big is that Network},
  author={Geoff Huston},
  year={2014},
  publisher={APNIC},
  url={labs.apnic.net/?p=526}
}

% Websites
@misc{quad9_public_dns,
 title={Quad9 Locations},
 publisher={Quad9},
 url={quad9.net/locations/},
 year={2020}
}
@misc{google_public_dns,
 publisher={Google},
 url={developers.google.com/speed/public-dns},
 year={2020}
}
@misc{google_anycast_vms,
 publisher={Google},
 url={cloud.google.com/load-balancing},
 year={2021}
}
@misc{opendns_public_dns,
 publisher={OpenDNS},
 url={opendns.com/data-center-locations/},
 year={2020},
 title={Data center Locations}
}
@misc{brutlag2009speed,
  title={Speed matters for Google web search},
  author={Brutlag, Jake},
  year={2009}
}
@misc{route53_anycast,
 publisher={Amazon},
 url={aws.amazon.com/route53/faqs/},
 title={Amazon Route 53 FAQs},
 year={2020}
}
@misc{akamai_anycast,
  url={akamai.com/us/en/multimedia/documents/white-paper/akamai-designing-dns-for-availability-and-resilience-against-ddos-attacks.pdf},
  title={Designing DNS for Availability and Resilience Against DDoS Attacks},
  publisher={Akamai},
  year={2020}
}
@misc{root_servers,
  title={Root Servers},
  url={root-servers.org},
  year={2020}
}
@misc{teamcymru,
  url={team-cymru.com/community-services/ip-asn-mapping/},
  publisher={Team Cymru},
  year={2020}
}
@misc{caida_as_org,
  url={caida.org/data/as-organizations/},
  publisher={CAIDA},
  year={2020}
}
@misc{http_archive,
  url={httparchive.org/},
  title={The HTTP Archive Project},
  year={2020}
}
@article{staff2015ripe,
  title={Ripe atlas: A global internet measurement network},
  author={Staff, RIPE NCC},
  journal={Internet Protocol Journal},
  volume={18},
  number={3},
  year={2015}
}
@misc{maxmind,
  publisher={MaxMind Inc},
  url={maxmind.com/en/geoip2-databases},
  year={2020}
}
@misc{edgecast_anycast,
 author={Verizon},
 url={verizondigitalmedia.com/media-platform/delivery/network/},
 year={2020}
}
@misc{tshark,
 title={Tshark},
 url={wireshark.org/docs/man-pages/tshark.html},
 year={2020}
}
@misc{web_api_loadeventend,
 title={PerformanceTiming.loadEventEnd},
 url={developer.mozilla.org/en-US/docs/Web/API/PerformanceTiming/loadEventEnd},
 publisher={Mozilla},
 year={2019}
}
@misc{tcp_initial_window_size,
 title={TCP initial window configurations in the wild},
 url={blog.apnic.net/2018/01/15/tcp-initial-window-configurations-wild/},
 author={Ruth, Jan},
 year={2018}
}
@misc{web_api_load_event,
 title={Window: load event},
 url={developer.mozilla.org/en-US/docs/Web/API/Window/load_event},
 publisher={Mozilla},
 year={2020}
}
@misc{broot_invalid_queries,
  title={Whats in a Name},
  url={blog.apnic.net/2020/04/13/whats-in-a-name/},
  author={Hardaker, Wes},
  year={2020},
  publisher={APNIC}
}
@misc{apnic_invalid_queries,
  title={Chromium's impact on root DNS traffic},
  url={blog.apnic.net/2020/08/21/chromiums-impact-on-root-dns-traffic},
  author={Thomas, Matthew},
  year={2020},
  publisher={APNIC}
}
@misc{private_ips,
  title={IANA IPv4 Special-Purpose Address Registry},
  url={iana.org/assignments/iana-ipv4-special-registry/iana-ipv4-special-registry.xhtml},
  publisher={IANA},
  year={2020}
}

% References relating to root DNS deployment details
@misc{icann_pch,
 title={Packet Clearing House},
 url={icannwiki.org/Packet_Clearing_House},
 publisher={ICANN},
 year={2020}
}
@misc{pch_info,
 title={Anycast Domain Name Service},
 url={pch.net/services/dns_anycast},
 publisher={Packet Clearing House},
 year={2020}
}
% J root, A root
@misc{verisign_hosting, 
  title={FAQ on RIRS Node Hosting},
  url={verisign.com/en_US/domain-names/internet-resolution/node-hosting/index.xhtml},
  publisher={Verisign},
  year={2021}
}
@misc{k_root_disclaimer,
  title={Hosting a K-root node},
  url={ripe.net/analyse/dns/k-root/hosting-a-k-root-node},
  publisher={RIPE NCC},
  year={2018}
}
% Should we use this?
@Misc{BRoot20a,
author={B-Root},
title={B-Root Begins Service from {Singapore}, {Virginia}, and {Amsterdam}},
month=jan,
year={2020},
url={b.root-servers.org/news/2020/01/28/new-sites.html},
}

@InProceedings{Mueller17b,
  author={Moritz M\"{u}ller and Giovane C. M. Moura and
  Ricardo de O. Schmidt and John Heidemann},
  title={Recursives in the Wild: Engineering Authoritative {DNS} Servers},
  booktitle={Proceedings of the 2017 Internet Measurement Conference},
  publisher={ACM},
  year={2017},
  location={London, United Kingdom}
}

@Article{Heidemann97b,
	author = "John Heidemann and Katia Obraczka and Joe Touch",
	title = 	"Modelling the Performance of {HTTP} Over Several
                        Transport Protocols",
	journal = 	ieee-acm-ton,
	year={1997},
	month=oct,
  publisher={IEEE}
}

@InProceedings{Cardwell00a,
	 author={Neal Cardwell and Stefan Savage and Tom Anderson},
	 title={Modelling {TCP} Latency},
	 booktitle={INFOCOM},
	 year={2000},
	 publisher={IEEE},
	 location={Tel-Aviv, Israel},
	 month=mar,
}
@inproceedings{chiu2015we,
  title={Are we one hop away from a better internet?},
  author={Chiu, Yi-Ching and Schlinker, Brandon and Radhakrishnan, Abhishek Balaji and Katz-Bassett, Ethan and Govindan, Ramesh},
  booktitle={Proceedings of the 2015 Internet Measurement Conference},
  year={2015},
  month=oct,
  location={Tokyo, Japan}
}
@inproceedings{arnold2020much,
  title={(How Much) Does a Private WAN Improve Cloud Performance?},
  author={Arnold, Todd and G{\"u}rmeri{\c{c}}liler, Ege and Essig, Georgia and Gupta, Arpit and Calder, Matt and Giotsas, Vasileios and Katz-Bassett, Ethan},
  booktitle={INFOCOM},
  year={2020},
  month=jul,
  location={Online},
  publisher={IEEE}
}
@inproceedings{arnold2019beating,
  title={Beating BGP is Harder than we Thought},
  author={Arnold, Todd and Calder, Matt and Cunha, Italo and Gupta, Arpit and Madhyastha, Harsha V and Schapira, Michael and Katz-Bassett, Ethan},
  booktitle={Proceedings of the 18th ACM Workshop on Hot Topics in Networks},
  year={2019},
  month=nov,
  location={Redmond, WA, USA},
  publisher={ACM}
}
@inproceedings{wohlfart2018leveraging,
  title={Leveraging interconnections for performance: the serving infrastructure of a large CDN},
  author={Wohlfart, Florian and Chatzis, Nikolaos and Dabanoglu, Caglar and Carle, Georg and Willinger, Walter},
  booktitle={Proceedings of the 2018 ACM SIGCOMM Conference},
  year={2018},
  month=aug,
  location={Budapest, Hungary},
  publisher={ACM}
}
@inproceedings{yahoo-slow,
	Annote = {400ms slower = 5-9% drop in full-page traffic (Yahoo).  Users leave before the page finishes loading
Yahoo! speaker},
	Author = {Stoyan Stefanov},
	Booktitle = {CSDN SD2C},
	Date-Added = {2013-05-08 13:42:43 +0000},
	Date-Modified = {2013-05-08 13:42:43 +0000},
	Title = {YSlow 2.0},
	Year = {2008}
}
@misc{linden-amazon,
	Author = {Greg Linden},
	Date-Added = {2013-05-08 13:42:51 +0000},
	Date-Modified = {2013-05-08 13:42:51 +0000},
	Howpublished = {\url{http://sites.google.com/site/glinden/Home/StanfordDataMining.2006-11-28.ppt}},
	Title = {{Make Data Useful}},
	Year = {2006}
}
@inproceedings{wang2013demystifying,
  title={Demystifying page load performance with WProf},
  author={Wang, Xiao Sophia and Balasubramanian, Aruna and Krishnamurthy, Arvind and Wetherall, David},
  booktitle={10th USENIX Symposium on Networked Systems Design and Implementation (NSDI)},
  year={2013},
  month=apr,
  publisher={USENIX},
  location={Lombard, IL, USA}
}
@misc{cloudflare,
 author={Cloudflare},
 url={cloudflare.com/},
 title={Cloudflare},
 year={2020}
}
@misc{akamai_regulatory,
 author={Akamai},
 url={akamai.com/us/en/about/compliance/},
 title={Akamai Compliance Programs},
 year={2021}
}

@inproceedings{yap2017taking,
  title={Taking the edge off with espresso: Scale, reliability and programmability for global internet peering},
  author={Yap, Kok-Kiong and Motiwala, Murtaza and Rahe, Jeremy and Padgett, Steve and Holliman, Matthew and Baldus, Gary and Hines, Marcus and Kim, Taeeun and Narayanan, Ashok and Jain, Ankur and others},
  booktitle={Proceedings of the 2017 ACM SIGCOMM Conference},
  year={2017},
  month=aug,
  publisher={ACM},
  location={Los Angeles, CA, USA}
}
@inproceedings{schlinker2017engineering,
  title={Engineering egress with edge fabric: Steering oceans of content to the world},
  author={Schlinker, Brandon and Kim, Hyojeong and Cui, Timothy and Katz-Bassett, Ethan and Madhyastha, Harsha V and Cunha, Italo and Quinn, James and Hasan, Saif and Lapukhov, Petr and Zeng, Hongyi},
  booktitle={Proceedings of the 2015 ACM SIGCOMM Conference},
  year={2017},
  month=aug,
  publisher={ACM},
  location={Los Angeles, CA, USA}
}
@inproceedings{schlinker2019internet,
  title={Internet Performance from Facebook's Edge},
  author={Schlinker, Brandon and Cunha, Italo and Chiu, Yi-Ching and Sundaresan, Srikanth and Katz-Bassett, Ethan},
  booktitle={Proceedings of the 2019 Internet Measurement Conference},
  pages={179--194},
  year={2019},
  month=oct,
  location={Amsterdam, Netherlands},
  publisher={ACM}
}
@inproceedings{jain2013b4,
  title={B4: Experience with a globally-deployed software defined WAN},
  author={Jain, Sushant and Kumar, Alok and Mandal, Subhasree and Ong, Joon and Poutievski, Leon and Singh, Arjun and Venkata, Subbaiah and Wanderer, Jim and Zhou, Junlan and Zhu, Min},
  booktitle={Proceedings of the 2013 ACM SIGCOMM Conference},
  year={2013},
  month=aug,
  publisher={ACM},
  location={Hong Kong}
}
@inproceedings{hong2013achieving,
  title={Achieving high utilization with software-driven WAN},
  author={Hong, Chi-Yao and Kandula, Srikanth and Mahajan, Ratul and Zhang, Ming and Gill, Vijay and Nanduri, Mohan and Wattenhofer, Roger},
  booktitle={Proceedings of the 2013 ACM SIGCOMM Conference},
  year={2013},
  month=aug,
  publisher={ACM},
  location={Hong Kong}
}

@TechReport{Kumari20a,
	  author = "W. Kumari and P. Hoffman",
	  title = "Running a Root Server Local to a Resolver",
	  institution =  internet-rfc,
	  year = 	       2020,
	  number =       8806,
	  month =	       jun,
	  url =	       "www.rfc-editor.org/rfc/rfc8806.txt",
}

@inproceedings{cicalese2015characterizing,
  title={Characterizing IPv4 anycast adoption and deployment},
  author={Cicalese, Danilo and Aug{\'e}, Jordan and Joumblatt, Diana and Friedman, Timur and Rossi, Dario},
  booktitle={Proceedings of the 11th ACM Conference on Emerging Networking Experiments and Technologies (CoNEXT)},
  year={2015},
  publisher={ACM},
  location={Heidelberg, Germany},
  month=dec
}
@inproceedings{giordano2016first,
  title={A First Characterization of Anycast Traffic from Passive Traces},
  author={Giordano, Danilo and Cicalese, Danilo and Finamore, Alessandro and Mellia, Marco and Munaf{\`o}, Maurizio M and Joumblatt, Diana Zeaiter and Rossi, Dario},
  booktitle={Network Traffic Measurement and Analysis Conference (TMA)},
  year={2016},
  month=apr,
  publisher={IEEE},
  location={Louvain la Neuve, Belgium}
}
@misc{cloudflare_anycast,
 title={Load Balancing without Load Balancers},
 author={Prince, Matthew},
 publisher={Cloudflare},
  url={blog.cloudflare.com/cloudflares-architecture-eliminating-single-p/},
  year={2013}
}
@misc{cloudflare_dns_tutorial,
 title={What is DNS?},
 author={Cloudflare},
 url={cloudflare.com/learning/dns/what-is-dns/},
 year={2020}
}
@misc{rfc_1546,
  title={Host Anycasting Service},
  author={Partridge, Craig and Mendez, Trevor and Milliken, Walter},
  url={tools.ietf.org/html/rfc1546},
  year={1993}
}
@misc{rfc_1035,
 title={Domain Names - Implementation and Specification},
 author={Mockapetris, P.},
 url={ietf.org/rfc/rfc1035.txt},
 year={1987}
}
% References of blog posts talking about root DNS latency
@misc{thousandEyesRDNSLatency,
 author={Mehmet Akcin},
 url={thousandeyes.com/blog/comparing-dns-root-server-performance},
 title={Comparing Root Server Performance Around the World},
 year={2015}
}
@misc{fRootAnycastPlacement,
 author={Ray Bellis},
 url={labs.ripe.net/author/ray_bellis/researching-f-root-anycast-placement-using-ripe-atlas/},
 title={Researching F-root Anycast Placement Using RIPE Atlas},
 year={2015}
}
@misc{thousandEyesRDNSLatencyUpdated,
 author={Young Xu},
 url={thousandeyes.com/blog/2017-update-comparing-root-server-performance-globally/},
 title={2017 Update: Comparing Root Server Performance Globally},
 year={2017}
}
@misc{kRootAnycastOptimality,
 author={RIPE NCC},
 url={ripe.net/publications/docs/ripe-393#efficiency},
 title={Evaluating The Effects Of Anycast On DNS Root Nameservers},
 year={2006}
}
% Top sites
@misc{gtmetrix,
 title={The Top 1,000 Sites on the Internet},
 url={gtmetrix.com/top1000.html},
 publisher={GTmetrix},
 year={2019}
}